<marcx:collection xmlns:marcx="info:lc/xmlns/marcxchange-v1"><marcx:record format="danMARC2" type="BibliographicMain"><marcx:leader>00000n    2200000   4500</marcx:leader><marcx:datafield ind1="0" ind2="0" tag="001"><marcx:subfield code="a">50017621</marcx:subfield><marcx:subfield code="b">870970</marcx:subfield><marcx:subfield code="c">19900404</marcx:subfield><marcx:subfield code="d">19750709</marcx:subfield><marcx:subfield code="f">a</marcx:subfield><marcx:subfield code="o">c</marcx:subfield></marcx:datafield><marcx:datafield ind1="0" ind2="0" tag="004"><marcx:subfield code="r">n</marcx:subfield><marcx:subfield code="a">h</marcx:subfield></marcx:datafield><marcx:datafield ind1="0" ind2="0" tag="008"><marcx:subfield code="b">dk</marcx:subfield><marcx:subfield code="v">1</marcx:subfield></marcx:datafield><marcx:datafield ind1="0" ind2="0" tag="009"><marcx:subfield code="a">a</marcx:subfield><marcx:subfield code="g">xx</marcx:subfield></marcx:datafield><marcx:datafield ind1="0" ind2="0" tag="015"><marcx:subfield code="a">00010626</marcx:subfield></marcx:datafield><marcx:datafield ind1="0" ind2="0" tag="015"><marcx:subfield code="a">01751182</marcx:subfield></marcx:datafield><marcx:datafield ind1="0" ind2="0" tag="021"><marcx:subfield code="d">kr. 88.00</marcx:subfield></marcx:datafield><marcx:datafield ind1="0" ind2="0" tag="100"><marcx:subfield code="a">Mao</marcx:subfield><marcx:subfield code="h">Tse-tung</marcx:subfield></marcx:datafield><marcx:datafield ind1="0" ind2="0" tag="245"><marcx:subfield code="a">Mao-dokumenter 1956-1974</marcx:subfield><marcx:subfield code="c">om den fortsatte revolution</marcx:subfield><marcx:subfield code="f">udvalgt og oversat af Dino Raymond Hansen efter den engelske udgave</marcx:subfield></marcx:datafield><marcx:datafield ind1="0" ind2="0" tag="260"><marcx:subfield code="b">Tiderne Skifter</marcx:subfield><marcx:subfield code="c">1975</marcx:subfield></marcx:datafield><marcx:datafield ind1="0" ind2="0" tag="300"><marcx:subfield code="a">Bind 1-2 (822 sider)</marcx:subfield></marcx:datafield><marcx:datafield ind1="0" ind2="0" tag="505"><marcx:subfield code="a">Artikler</marcx:subfield></marcx:datafield><marcx:datafield ind1="0" ind2="0" tag="520"><marcx:subfield code="a">Kinesisk originaludgave</marcx:subfield></marcx:datafield><marcx:datafield ind1="0" ind2="0" tag="652"><marcx:subfield code="m">32.16</marcx:subfield></marcx:datafield><marcx:datafield ind1="0" ind2="0" tag="652"><marcx:subfield code="p">32.2828</marcx:subfield></marcx:datafield><marcx:datafield ind1="0" ind2="0" tag="900"><marcx:subfield code="a">Tse-tung</marcx:subfield><marcx:subfield code="h">Mao</marcx:subfield><marcx:subfield code="z">100</marcx:subfield></marcx:datafield><marcx:datafield ind1="0" ind2="0" tag="996"><marcx:subfield code="a">DBC</marcx:subfield></marcx:datafield></marcx:record>